@article{Murty,
	title = {{Prime} {Numbers} in certain {Arithmetic} {Progressions}},
	author = {{Ram Murty}, M. and {Thain}, N.},
	journal = {Functiones et Approximatio Commentarii Mathematici},
	number = {XXXV},
	pages = {249--259},
	year = {2008},
	month = {01},
	url = {https://api.semanticscholar.org/CorpusID:1897911},
	addendum = {Accessed: June 25, 2025}
}

@book{algebraUAB,
	author = {Antoine Riolobos, R. and Camps, R. and Moncasi, J.},
	address = {Bellaterra},
	title = {Introducció a l'àlgebra abstracta: amb elements de matemàtica discreta},
	publisher = {Universitat Autònoma de Barcelona, Servei de Publicacions},
	series = {Manuals. Matemàtiques; 46},
	year = {2007},
	isbn = {978-84-490-2515-0},
	keywords = {Àlgebra abstracta},
	language = {Cat}
}
		
@online{Conrad, 
	title = {Euclidean Proofs of Dirichlet's Theorem}, 
	author = {K. Conrad},	
	year = {2010},
	url = {https://api.semanticscholar.org/CorpusID:9231577},
	howpublished = {University of Connecticut},
	addendum = {Accessed: June 25, 2025}
}

@article{Chebotarev1,
	title = {{Chebotarëv and his density theorem}},
	author = {{Stevenhagen}, P. and {Lenstra}, H.W.},
	journal = {The Mathematical Intelligencer},
	number = {18},
	pages = {26--37},
	year = {1996},
	month = {03},
	url = {https://pub.math.leidenuniv.nl/~lenstrahw/papers/cheb.pdf},
	doi = {https://doi.org/10.1007/BF03027290},
	addendum = {Accessed: June 25, 2025}
}

@article{Chebotarev2,
	author = {B. F. Wyman},
	journal = {The American Mathematical Monthly},
	number = {6},
	pages = {571--586},
	publisher = {Taylor & Francis, Ltd., Mathematical Association of America},
	title = {What is a Reciprocity Law?},
	volume = {79},
	year = {1972},
	url = {http://www.jstor.org/stable/2317083},
	doi = {https://doi.org/10.2307/2317083},
	addendum = {Accessed: June 25, 2025}
}

@book{Marcus,
	title = {Number Fields},
	author = {Marcus, Daniel A.},
	year = {1987},
	journal = {Springer International Publishing},
	series = {Universitext},
	publisher = {Springer-Verlag},
	edition = {2nd print.},
	language = {Eng},
	booktitle = {Number fields},
	keywords = {Finite Fields},
	isbn = {0387902791},
	address = {New York Inc.}
}

@article{GueronTessler,
	ISSN = {00255572},
	author = {Shay Gueron and Ran Tessler},
	journal = {The Mathematical Gazette},
	number = {505},
	pages = {110--114},
	publisher = {Mathematical Association},
	title = {86.18 Infinitely Many Primes in Arithmetic Progressions: The Cyclotomic Polynomial Method},
	volume = {86},
	month = {03},
	year = {2002},
	url = {http://www.jstor.org/stable/3621592},
	doi = {https://doi.org/10.2307/3621592},
	addendum = {Accessed: June 25, 2025}
}

@article{Mestrovic,
	title = {Euclid's theorem on the infinitude of primes: a historical survey of its proofs (300 B.C.--2022) and another new proof},
	author={Romeo Meštrović},
	year={2023},
	month = {07},
	version = {4},
	doi = {https://doi.org/10.48550/arXiv.1202.3670},
	addendum = {Accessed: June 25, 2025}
}

@article{XianzuLin,
	ISSN = {00029890, 19300972},
	author = {Xianzu Lin},
	journal = {The American Mathematical Monthly},
	number = {1},
	pages = {48--51},
	publisher = {[Taylor & Francis, Ltd., Mathematical Association of America]},
	title = {Infinitely Many Primes in the Arithmetic Progression $\textit{kn}-1$},
	volume = {122},
	year = {2015},
	month = {01},
	url = {https://www.jstor.org/stable/10.4169/amer.math.monthly.122.01.48},
	doi = {https://doi.org/10.4169/amer.math.monthly.122.01.48},
	addendum = {Accessed: June 25, 2025}
}

@article{Selberg,
	ISSN = {0003486X, 19398980},
	author = {Atle Selberg},
	journal = {Annals of Mathematics},
	number = {2},
	pages = {297--304},
	publisher = {[Annals of Mathematics, Trustees of Princeton University on Behalf of the Annals of Mathematics, Mathematics Department, Princeton University]},
	title = {An Elementary Proof of Dirichlet's Theorem About Primes in an Arithmetic Progression},
	volume = {50},
	year = {1949},
	month = {04},
	doi = {https://doi.org/10.2307/1969454},
	addendum = {Accessed: June 25, 2025}
}

@book{Shanks,
	title = {Solved and Unsolved Problems in Number Theory},
	author = {Shanks, D.},
	year = {1993},
	edition = {4th},
	publisher = {New York: Chelsea Publishing},
	language = {Eng},
	booktitle = {Solved and Unsolved Problems in Number Theory},
	address = {New York}
}

@article{Bateman,
	ISSN = {00029890, 19300972},
	author = {Paul T. Bateman and Marc E. Low},
	journal = {The American Mathematical Monthly},
	number = {2},
	pages = {139--143},
	publisher = {[Taylor & Francis, Ltd., Mathematical Association of America]},
	title = {Prime Numbers in Arithmetic Progressions with Difference 24},
	volume = {72},
	year = {1965},
	month = {02},
	url = {http://www.jstor.org/stable/2310975},
	doi = {https://doi.org/10.2307/2310975},
	addendum = {Accessed: June 25, 2025}
}

@book{StrongDirichlet,
	author = {Titchmarsh, E. C. and Heat-Brown, D. R.},
	address = {New York},
	title = {{The} {Theory} of the {Riemann} {Zeta}-function},
	publisher = {Oxford science publications. Clarendon Press; Oxford University Press},
	year = {1986},
	edition = {2nd},
	language = {Eng}
}

@book{Dirichlet,
	title = {{Steps} into {Analytic} {Number} {Theory}: {A} {Problem}-{Based} {Introduction}},
	author = {Pollack, P. and Singha Roy, A.},
	year = {2021},
	publisher = {Springer Cham},
	series = {Problem Books in Mathematics},
	edition = {1st},
	language = {Eng},
	isbn = {978-3-030-65077-3},
	doi = {https://doi.org/10.1007/978-3-030-65077-3},
	address = {Cham, Switzerland}
}

@article{Lebesgue,
	author = {Lebesgue, H. L.},
	journal = {Nouvelles annales de mathématiques},
	volume = {15},
	pages = {130--134},
	title = {Remarques diverses sur les nombres premiers},
	edition = {1},
	year = {1856},
	url = {http://eudml.org/doc/96770},
	addendum = {Accessed: June 25, 2025}
}

@book{Hardy,
	title = {{An} {Introduction} to the {Theory} of {Numbers}},
	author = {G.H. Hardy and E.M. Wright},
	year = {1960},
	publisher = {Oxford},
	edition = {4th},
	language = {Eng}
}

@book{Schur,
	title = {Uber die Existenz unendlich vieler Primzahlen in einiger speziellen arithmetischen Progressionen},
	author = {Schur, I.},
	year = {1912},
	publisher = {S-B Berlin. Math. Ges.},
	volume = {11},
	pages = {40-50},
	language = {De}
}

@book{Euclid,
	title = {Elements},
	author = {Euclid},
	year = {300 BC},
	volume = {IX},
	publisher = {Clay Mathematics Institute Historical Archive},
	url = {https://www.claymath.org/library/historical/euclid/book09.html}
}

@article{ShapiroI,
	ISSN = {0003486X, 19398980},
	author = {Harold N. Shapiro},
	journal = {Annals of Mathematics},
	number = {1},
	pages = {217--230},
	publisher = {[Annals of Mathematics, Trustees of Princeton University on Behalf of the Annals of Mathematics, Mathematics Department, Princeton University]},
	title = {On Primes in Arithmetic Progressions (I)},
	volume = {52},
	month = {07},
	year = {1950},
	doi = {https://doi.org/10.2307/1969520},
	addendum = {Accessed: June 25, 2025}
}

@article{ShapiroII,
	ISSN = {0003486X, 19398980},
	author = {Harold N. Shapiro},
	journal = {Annals of Mathematics},
	number = {1},
	pages = {231--243},
	publisher = {[Annals of Mathematics, Trustees of Princeton University on Behalf of the Annals of Mathematics, Mathematics Department, Princeton University]},
	title = {On Primes in Arithmetic Progressions (II)},
	volume = {52},
	month = {07},
	doi = {https://doi.org/10.2307/1969521},
	year = {1950},
	addendum = {Accessed: June 25, 2025}
}

@article{Dedekind1878,
	author = {Dedekind, R.},
	journal = {Abhandlungen der Königlichen Gesellschaft der Wissenschaften in Göttingen},
	pages = {3--38},
	title = {Ueber den Zusammenhang zwischen der Theorie der ideale und der Theorie der höheren Congruenzen},
	url = {http://eudml.org/doc/135827},
	volume = {23},
	year = {1878},
	addendum = {Accessed: June 25, 2025}
}

@book{Gauss,
	title = {Disquisitiones Arithmeticae},
	author = {Gauss, C. F.},
	year = {1986},
	month = {04},
	publisher = {Springer New York, NY},
	edition = {1st},
	language = {Eng},
	isbn = {978-0-387-96254-2},
	doi = {https://doi.org/10.1007/978-1-4939-7560-0}
}

@book{StevenRoman,
	title = {Advanced Linear Algebra},
	author = {Roman, S.},
	year = {2007},
	month = {10},
	series = {Graduate Texts in Mathematics},
	publisher = {Springer New York, NY},
	edition = {3rd},
	language = {Eng},
	isbn = {978-0-387-72828-5},
	doi = {https://doi.org/10.1007/978-0-387-72831-5}
}

@book{GaloisCox,
	title = {Galois Theory},
	author = {Cox, D. A.},
	year = {2012},
	publisher = {Newark: John Wiley \& Sons, Incorporated.},
	edition = {2nd},
	language = {Eng},
	vol = {106},
	doi = {https://doi.org/10.1002/9781118033081}
}

@book{Serre,
	title = {A Course in Arithmetic},
	author = {Serre, J-P.},
	month = {11},
	year = {1973},
	publisher = {Springer-Verlag New York, NY},
	series = {Graduate Texts in Mathematics},
	edition = {1st},
	language = {Eng},
	doi = {https://doi.org/10.1007/978-1-4684-9884-4}
}

@book{Washington,
	title = {Introduction to Cyclotomic Fields},
	author = {Washington, L. C.},
	month = {12},
	year = {1996},
	publisher = {Springer New York, NY},
	series = {Graduate Texts in Mathematics},
	edition = {2nd},
	language = {Eng},
	doi = {https://doi.org/10.1007/978-1-4612-1934-7}
}

